@book{reid,
  title={Undergraduate algebraic geometry},
  author={Reid, Miles},
  volume={12},
  year={1988},
  publisher={Cambridge University Press}
}
@misc{gathmann,
  title={Algebraic Geometry},
  author={Gathmann, Andreas},
  year={2002},
  howpublished={\url{https://www.mathematik.uni-kl.de/~gathmann/class/alggeom-2002/alggeom-2002.pdf}}
}
@misc{gathmann_new,
  title={Algebraic Geometry},
  author={Gathmann, Andreas},
  year={2021},
  howpublished={\url{https://www.mathematik.uni-kl.de/~gathmann/class/alggeom-2021/alggeom-2021.pdf}}
}
@misc{gathmann_comm,
  title={Commutative Algebra},
  author={Gathmann, Andreas},
  year={2013},
  howpublished={\url{https://www.mathematik.uni-kl.de/~gathmann/class/commalg-2013/commalg-2013.pdf}}
}
@book{serre,
  title={Algebraic groups and class fields},
  author={Serre, Jean-Pierre},
  volume={117},
  year={2012},
  publisher={Springer-Verlag}
}
@misc{vakil,
  title={The Rising Sea: Foundations of Algebraic Geometry},
  author={Vakil, Ravi},
  year={2017},
  month={November},
  howpublished={\url{https://math.stanford.edu/~vakil/216blog/FOAGnov1817public.pdf}}
}
@misc{hatcher,
  title={Algebraic Topology},
  author={Hather, Allen},
  year={2001},
  howpublished={\url{https://pi.math.cornell.edu/~hatcher/AT/AT.pdf}}
}
@misc{tao,
  title={DIFFERENTIAL FORMS AND INTEGRATION},
  author={Tao, Terence},
  howpublished={\url{https://www.math.ucla.edu/~tao/preprints/forms.pdf}}
}
@book{hartshorne,
  title={Algebraic Geometry},
  author={Hartshorne, Robin},
  volume={52},
  year={1997},
  publisher={Springer-Verlag}
}
@misc{milne,
  title={Flieds and Galois Theory (v5.10)},
  author={Milne, James S.},
  year={2022},
  howpublished={\url{https://www.jmilne.org/math/CourseNotes/FT.pdf}}
}
@misc{fulton,
  title={Algebraic Curves: An Introduction to Algebraic Geometry},
  author={Fulton, William},
  year={2008},
  howpublished={\url{https://dept.math.lsa.umich.edu/~wfulton/CurveBook.pdf}}
}
@book{forster,
  title={Lectures on Riemann Surfaces},
  author={Forster, Otto},
  volume={81},
  year={1981},
  publisher={Springer-Verlag}
}
@book{am,
  title={Introduction to Commutative Algebra},
  author={Atiyah, Michael and Macdonald, Ian Grant},
  year={1969},
  publisher={Addison-Wesley Publishing Company}
}
@book{maclane,
  title={Sheaves in Geometry and Logic: A First Introduction to Topos Theory},
  author={Mac Lane, Saunders and Moerdijk, Ieke},
  year={1992},
  publisher={Springer-Verlag}
}
